@inproceedings{wurthinger2013one,
  title={One VM to rule them all},
  author={W{\"u}rthinger, Thomas and Wimmer, Christian and W{\"o}{\ss}, Andreas and Stadler, Lukas and Duboscq, Gilles and Humer, Christian and Richards, Gregor and Simon, Doug and Wolczko, Mario},
  booktitle={Proceedings of the 2013 ACM international symposium on New ideas, new paradigms, and reflections on programming \& software},
  year={2013}
}

@inproceedings{Lieberman86using,
 author = {Lieberman, Henry},
 title = {Using Prototypical Objects to Implement Shared Behavior in Object-oriented Systems},
 booktitle = {Conference Proceedings on Object-oriented Programming Systems, Languages and Applications},
 series = {OOPSLA '86},
 year = {1986}
}

@INPROCEEDINGS{Reynolds:1974,
  AUTHOR    = "Reynolds, John C.",
  TITLE     = "Towards a theory of type structure",
  BOOKTITLE = "Proceedings of the `Colloque sur la
              Programmation'",
  YEAR      = 1974,
  NUMBER    = 19,
  PAGES     = "408--425",
  ADDRESS   = "Paris, France"
}

@inproceedings{handbook,
	Author = {Henk Barendregt},
	Booktitle = {Handbook of Logic in Computer Science},
	Pages = {117--309},
	Title = {Lambda Calculi with Types},
	Volume = {2},
	Year = {1992}}

@phdthesis{fw,
  author={Girard, Jean-Yves},
  title={Interpr{\'e}tation fonctionelle et {\'e}limination des coupures de l'arithm{\'e}tique d'ordre sup{\'e}rieur},
  school = {Universit{\'e} Paris VII},
  year = {1972}
}

@book{tapl,
  title={Types and programming languages},
  author={Pierce, Benjamin C.},
  year={2002},
  publisher={MIT press}
}

@article{compagnoni1996higher,
  title={Higher-order intersection types and multiple inheritance},
  author={Compagnoni, Adriana B and Pierce, Benjamin C},
  journal={Mathematical Structures in Computer Science},
  volume={6},
  number={5},
  pages={469--501},
  year={1996}
}

@article{pts,
author = {Barendregt, Henk},
journal = {Journal of Functional Programming},
pages = {125--154},
title = {Introduction to generalized type systems},
volume = {1},
number = {2},
year = {1991}
}

@inproceedings{Chen03coc,
 author = {Chen, Gang},
 title = {Coercive Subtyping for the Calculus of Constructions},
 booktitleFULL = {Proceedings of the 30th ACM SIGPLAN-SIGACT Symposium on Principles of Programming Languages},
 booktitle = {POPL '03},
 pages = {150--159},
 year = {2003},
 organization={ACM}
}

@inproceedings{Kaiser17equivalence,
 author = {Kaiser, Jonas and Tebbi, Tobias and Smolka, Gert},
 title = {Equivalence of System F and $\lambda$2 in Coq Based on Context Morphism Lemmas},
 booktitleFULL = {Proceedings of the 6th ACM SIGPLAN Conference on Certified Programs and Proofs},
 booktitle = {CPP '17},
 pages = {222--234},
 year = {2017},
 publisher = {ACM}
} 

@article{cic,
author = {Pfenning, Frank and Paulin-Mohring, Christine},
journal = {Mathematical Foundations of Programming Semantics},
pages = {209--228},
title = {{Inductively defined types in the Calculus of Constructions}},
year = {1990},
publisher="Springer-Verlag"
}

@misc{coqsite,
  author = {{Coq development team}},
  title = {The Coq proof assistant},
  howpublished = {\url{http://coq.inria.fr/}}
}

@Manual{coqmanual,
  title =        {The Coq proof assistant reference manual},
  author =       {{The Coq development team}},
  note =         {Version 8.6},
  year =         {2016},
  url =          "https://coq.inria.fr/refman/"
}

@book{typeintype,
  title={A Polymorphic lambda-calculus with Type: Type},
  author={Cardelli, Luca},
  year={1986},
  publisher={Digital Systems Research Center}
}

@article{brady2013idris,
  title={Idris, a general-purpose dependently typed programming language: Design and implementation},
  author={Brady, Edwin},
  journal={Journal of Functional Programming},
  volume={23},
  number={05},
  pages={552--593},
  year={2013},
  publisher={Cambridge University Press}
}

@phdthesis{2007_norell_agda,
  title={Towards a practical programming language based on dependent type theory},
  author={Norell, Ulf},
  year={2007},
  school={Chalmers University of Technology}
}


@incollection{dot:walder,
  title={The essence of dependent object types},
  author={Amin, Nada and Gr{\"u}tter, Samuel and Odersky, Martin and Rompf, Tiark and Stucki, Sandro},
  booktitle={A List of Successes That Can Change the World},
  pages={249--272},
  year={2016},
  publisher={Springer}
}

@inproceedings{dot:sound,
  title={Type soundness for dependent object types (DOT)},
  author={Rompf, Tiark and Amin, Nada},
  booktitleFULL={Proceedings of the 2016 ACM SIGPLAN International Conference on Object-Oriented Programming, Systems, Languages, and Applications},
  booktitle={OOPSLA '16},
  pages={624--641},
  year={2016},
  organization={ACM}
}

@inproceedings{dot:dot,
  title={Dependent object types},
  author={Amin, Nada and Moors, Adriaan and Odersky, Martin},
  booktitleFULL={19th International Workshop on Foundations of Object-Oriented Languages},
  booktitle={FOOL '12},
  year={2012},
  publisher = {ACM}
}
                  
@inproceedings{dot:path,
  title={Foundations of path-dependent types},
  author={Amin, Nada and Rompf, Tiark and Odersky, Martin},
  booktitle={OOPSLA '14},
  pages={233--249},
  year={2014},
  organization={ACM}
}

@article{fsubo:typed,
  title={Typed operational semantics for higher-order subtyping},
  author={Compagnoni, Adriana and Goguen, Healfdene},
  journal={Information and Computation},
  volume={184},
  number={2},
  pages={242--297},
  year={2003}
}

@inproceedings{ptssub,
  title={Pure type systems with subtyping},
  author={Zwanenburg, Jan},
  booktitle={TLCA '99},
  pages={381--396},
  year={1999}
}

@inproceedings{subdep,
  title={Subtyping dependent types},
  author={Aspinall, David and Compagnoni, Adriana},
  booktitle={LICS '96},
  pages={86--97},
  year={1996}
}

@inproceedings{hutchins,
 author = {Hutchins, DeLesley S.},
 title = {Pure Subtype Systems},
 booktitleFULL = {Proceedings of the 37th Annual ACM SIGPLAN-SIGACT Symposium on Principles of Programming Languages},
 booktitle = {POPL '10},
 year = {2010},
 pages = {287--298},
 publisher = {ACM}
}

@inproceedings{isotype,
  title={Unified Syntax with Iso-types},
  author={Yang, Yanpeng and Bi, Xuan and Oliveira, Bruno C. d. S.},
  booktitleFULL={Asian Symposium on Programming Languages and Systems},
  booktitle={APLAS '16},
  pages={251--270},
  year={2016},
  organization={Springer}
}

@article{fsub,
  title={An extension of system F with subtyping},
  author={Cardelli, Luca and Martini, Simone and Mitchell, John C. and Scedrov, Andre},
  journal={Information and Computation},
  volume={109},
  number={1-2},
  pages={4--56},
  year={1994},
  publisher={Elsevier}
}

@phdthesis{fsubo:thesis,
  title={Higher-order subtyping with intersection types},
  author={Compagnoni, Adriana Beatriz},
  year={1995},
  school={University of Nijmegen}
}

@article{fsubo,
  title={Higher-order subtyping},
  author={Pierce, Benjamin C. and Steffen, Martin},
  journal={Theoretical computer science},
  volume={176},
  number={1},
  pages={235--282},
  year={1997},
  publisher={Elsevier}
}
                  
@inproceedings{fsubo:abel,
  title={Syntactic metatheory of higher-order subtyping},
  author={Abel, Andreas and Rodriguez, Dulma},
  booktitleFULL={International Workshop on Computer Science Logic},
  booktitle={CSL '08},
  pages={446--460},
  year={2008}
}

@inproceedings{eqi:iso,
	Author = {Crary, Karl and Harper, Robert and Puri, Sidd},
 BooktitleFULL = {ACM SIGPLAN Conference on Programming Language Design and Implementation},
        booktitle = {PLDI '99},
	Title = {What is a recursive module?},
	Pages = {50--63},
	Year = {1999},
publisher = {ACM},
}                  
                  
@article{fireball,
  title={Call-by-value Solvability},
  author={Paolini, Luca and Della Rocca, Simona Ronchi},
  journal={RAIRO-Theoretical Informatics and Applications},
  volume={33},
  number={6},
  pages={507--534},
  year={1999},
  publisher={EDP Sciences}
}

@inproceedings{opencbv,
  title={Open Call-by-Value},
  author={Accattoli, Beniamino and Guerrieri, Giulio},
  booktitleFULL={Asian Symposium on Programming Languages and Systems},
  booktitle={APLAS '16},
  pages={206--226},
  year={2016},
  organization={Springer}
}
                  
@article{obj:compare,
  title={Comparing object encodings},
  author={Bruce, Kim B. and Cardelli, Luca and Pierce, Benjamin C.},
  journal={Information and Computation},
  volume={155},
  number={1-2},
  pages={108--133},
  year={1999},
  publisher={Elsevier}
}

@article{obj:simple,
  title={Simple type-theoretic foundations for object-oriented programming},
  author={Pierce, Benjamin C. and Turner, David N.},
  journal={Journal of functional programming},
  volume={4},
  number={02},
  pages={207--247},
  year={1994},
  publisher={Cambridge University Press}
}

@TechReport{scala-overview,
  author =       {Odersky, Martin and Altherr, Philippe and Cremet, Vincent and Emir, Burak and Maneth, Sebastian and Micheloud, St{\'e}phane and Mihaylov, Nikolay and Schinz, Michel and Stenman, Erik and Zenger, Matthias},
  title =        {An Overview of the Scala Programming Language},
  institution =  {EPFL Lausanne, Switzerland},
  year =         2004,
  number =       {IC/2004/64}
}

@inproceedings{moors08generics,
 author = {Moors, Adriaan and Piessens, Frank and Odersky, Martin},
 title = {Generics of a Higher Kind},
 booktitleFULL = {Proceedings of the 23rd ACM SIGPLAN Conference on Object-oriented Programming Systems Languages and Applications},
 booktitle = {OOPSLA '08},
 year = {2008},
 organization={ACM}
} 

@Article{coc,
  author =   {Thierry Coquand and G\'erard Huet},
  title =    {The Calculus of Constructions},
  journal =    {Information and Computation},
  year =   {1988},
  volume =   {76},
  pages =    {95--120}
}

@inproceedings{guru,
 author = {Stump, Aaron and Deters, Morgan and Petcher, Adam and Schiller, Todd and Simpson, Timothy},
 title = {Verified Programming in Guru},
 booktitleFULL = {Proceedings of the 3rd Workshop on Programming Languages Meets Program Verification},
 booktitle = {PLPV '09},
 year = {2008},
 pages = {49--58},
}

@inproceedings{sjoberg:msfp12,
  author = {Vilhelm Sj\"oberg and Chris Casinghino and Ki Yung Ahn and
            Nathan Collins and Harley D. Eades III and Peng Fu
            and Garrin Kimmell and Tim Sheard and Aaron Stump
            and Stephanie Weirich},
  title = {Irrelevance, Heterogenous Equality, and Call-by-value Dependent Type Systems},
  booktitleFULL = {Fourth workshop on Mathematically Structured Functional Programming (MSFP '12)},
  booktitle = {MSFP '12},
  year = 2012,
  pages = {112--162},
}
@InProceedings{kimmel:plpv,
  author =      {Garrin Kimmell and Aaron Stump and Harley D. Eades III and 
                 Peng Fu and Tim Sheard and Stephanie Weirich and Chris Casinghino
                 and Vilhelm Sj\"oberg and Nathan Collins and Ki Yung Ahn},
  title =       {Equational Reasoning about Programs with General Recursion and Call-by-value Semantics},
  booktitleFULL = {Sixth ACM SIGPLAN Workshop Programming Languages meets Program Verification (PLPV '12)},
  booktitle = {PLPV '12},
  year =    2012,
  plclub = "yes",
  pages = {15--26},
}

@inproceedings{zombie:popl15,
  Author = {Sj\"{o}berg, Vilhelm and Weirich, Stephanie},
  BooktitleFULL = {Proceedings of the 42nd Annual ACM SIGPLAN-SIGACT Symposium on Principles of Programming Languages},
        booktitle = {POPL '15},
  Numpages = {14},
  Pages = {369--382},
  Title = {Programming Up to Congruence},
  Year = {2015},
  publisher = {ACM}
}

@inproceedings{fc,
  title={System F with Type Equality Coercions},
  author={Sulzmann, Martin and Chakravarty, Manuel M. T. and Jones, Simon Peyton and Donnelly, Kevin},
  booktitleFULL={Proceedings of the ACM SIGPLAN international workshop on Types in Languages Design and Implementation},
  booktitle = {TLDI '07},
  pages={53--66},
  year={2007},
  publisher = {ACM}
}

@inproceedings{fc:kind,
 author = {Weirich, Stephanie and Hsu, Justin and Eisenberg, Richard A.},
 title = {System FC with Explicit Kind Equality},
 booktitleFULL = {Proceedings of the 18th ACM SIGPLAN International Conference on Functional Programming},
 booktitle = {ICFP '13},
 year = {2013},
 pages = {275--286},
 publisher = {ACM}
}

@inproceedings{Doorn:2013hq,
 author = {van Doorn, Floris and Geuvers, Herman and Wiedijk, Freek},
 title = {Explicit Convertibility Proofs in Pure Type Systems},
 booktitleFULL = {Proceedings of the Eighth ACM SIGPLAN International Workshop on Logical Frameworks \&\#38; Meta-languages: Theory \&\#38; Practice},
 booktitle = {LFMTP '13},
 year = {2013},
 pages = {25--36},
 publisher = {ACM},
} 

@article{bidir,
  title={Local type inference},
  author={Pierce, Benjamin C. and Turner, David N.},
  journal={ACM Transactions on Programming Languages and Systems (TOPLAS)},
  volume={22},
  number={1},
  pages={1--44},
  year={2000},
  publisher={ACM}
}
                  
@article{cocsub,
  title={Subtyping calculus of construction},
  author={Chen, Gang},
  journal={Mathematical Foundations of Computer Science 1997},
  pages={189--198},
  year={1997},
  publisher={Springer}
}
                  
@inproceedings{dol,
  title={Imperative objects with dependent types},
  author={Campos, Joana and Vasconcelos, Vasco T.},
  booktitleFULL={Proceedings of the 17th Workshop on Formal Techniques for Java-like Programs},
  booktitle={FTfJP '15},
  pages={2:1--2:6},
  year={2015},
  organization={ACM}
}
                  
@inproceedings{vobj,
  title={A nominal theory of objects with dependent types},
  author={Odersky, Martin and Cremet, Vincent and R{\"o}ckl, Christine and Zenger, Matthias},
  booktitleFULL={European Conference on Object-Oriented Programming},
  booktitle={ECOOP '03},
  pages={201--224},
  year={2003},
  organization={Springer}
}
                  
@techreport{scala-report,
  title={Report on the programming language Scala},
  author={Odersky, Martin},
  institution={{\'E}cole Polytechnique F{\'e}d{\'e}rale de Lausanne},
  year={2002}
}
                  
@techreport{isosub,
  title={Completely subtyping iso-recursive types},
  author={Blackburn, Jeremy and Hernandez, Ivory and Ligatti, Jay and Nachtigal, Michael},
  institution={University of South Florida},
  NUMBER={CSE-071012},
  year={2012}
}
 
@STRING{unierlangen="Friedrich-Alexander-Uni\-ver\-si\-t{\"a}t
		  Er\-langen-N{\"u}rn\-berg" }
@PhDThesis{	  polar,
  author	= "Martin Steffen",
  title		= "Polarized Higher-Order Subtyping",
  publisher	= "Dissertation, Universit{\"a}t Erlangen-N{\"u}rnberg",
  year		= 1998,
  school	= "Technische Fakult{\"a}t, "  # unierlangen,
}
                  
@book{harper,
  title={Practical foundations for programming languages},
  author={Harper, Robert},
  year={2013},
  edition={1st},
  publisher={Cambridge University Press}
}
                  
@article{chen1,
  title={Dependent types with subtyping and late-bound overloading},
  author={Castagna, Giuseppe and Chen, Gang},
  journal={Information and Computation},
  volume={168},
  number={1},
  pages={1--67},
  year={2001},
  publisher={Elsevier}
}
                  
@article{chen2,
  title={Dependent type system with subtyping (I) type level transitivity elimination},
  author={Chen, Gang},
  journal={Journal of Computer Science and Technology},
  volume={13},
  number={6},
  pages={564--578},
  year={1998},
  publisher={Springer}
}
                  
@inproceedings{dml,
  title={Dependent types in practical programming},
  author={Xi, Hongwei and Pfenning, Frank},
  booktitleFULL={Proceedings of the 26th ACM SIGPLAN-SIGACT symposium on Principles of programming languages},
  booktitle={POPL '99},
  pages={214--227},
  year={1999},
  organization={ACM}
}
                  
                  
@inproceedings{cayenne,
 author = {Augustsson, Lennart},
 title = {Cayenne --- a Language with Dependent Types},
 booktitleFULL = {Proceedings of the Third ACM SIGPLAN International Conference on Functional Programming},
 booktitle = {ICFP '98},
 year = {1998},
 pages = {239--250},
 publisher = {ACM},
}
                  
@incollection{dep:pisigma,
	Author = {Altenkirch, Thorsten and Danielsson, Nils Anders and L{\"o}h, Andres and Oury, Nicolas},
	Booktitle = {Functional and Logic Programming},
	Pages = {40--55},
	Title = {{$\Pi$$\Sigma$: Dependent types without the sugar}},
	Year = {2010},
        publisher={Springer}}
                  
@InProceedings{zombie:popl14,
  author = 	  {Chris Casinghino and Vilhelm Sj\"oberg and Stephanie Weirich},
  title = 	  {Combining Proofs and Programs in a Dependently Typed Language},
  BooktitleFULL = {Proceedings of the 41st Annual ACM SIGPLAN-SIGACT Symposium on Principles of Programming Languages},
  booktitle = {POPL '14},
  year = 	  2014,
  pages =     {33--45},
  publisher = {ACM},
}

@article{nameless,
  title={The locally nameless representation},
  author={Chargu{\'e}raud, Arthur},
  journal={Journal of automated reasoning},
  pages={1--46},
  publisher={Springer},
  year={2011}
}

@phdthesis{goguen-thesis,
   school = {University of Edinburgh},
   title = {A Typed Operational Semantics for Type Theory},
   year = {1994},
   author = {Healfdene Goguen}
}x
                  
@article{fsub:fun,
  title={On understanding types, data abstraction, and polymorphism},
  author={Cardelli, Luca and Wegner, Peter},
  journal={ACM Computing Surveys (CSUR)},
  volume={17},
  number={4},
  pages={471--523},
  year={1985},
  publisher={ACM}
}                  
                  
@inproceedings{fsub:undec,
  title={Bounded quantification is undecidable},
  author={Pierce, Benjamin C.},
  booktitleFULL={Proceedings of the 19th ACM SIGPLAN-SIGACT symposium on Principles of programming languages},
  booktitle={POPL '92},
  pages={305--315},
  year={1992},
  organization={ACM}
}
                  
@inproceedings{amber,
author="Cardelli, Luca",
title="Amber",
booktitle="Combinators and Functional Programming Languages",
year="1986",
publisher="Springer Berlin Heidelberg",
pages="21--47",
}

@article{soundproof,
  title={A syntactic approach to type soundness},
  author={Wright, Andrew K. and Felleisen, Matthias},
  journal={Information and computation},
  volume={115},
  number={1},
  pages={38--94},
  year={1994},
  publisher={Elsevier}
}
                  
@article{fsub:alg,
  title={Coherence of subsumption, minimum typing and type-checking in F$\leq$},
  author={Curien, Pierre-Louis and Ghelli, Giorgio},
  journal={Mathematical structures in computer science},
  volume={2},
  number={01},
  pages={55--91},
  year={1992},
  publisher={Cambridge University Press}
}
                  
@book{stpl,
 author = {Schmidt, David A.},
 title = {The Structure of Typed Programming Languages},
 year = {1994},
 publisher = {MIT Press}
}
                  
@article{ott,
  title={Ott: Effective tool support for the working semanticist},
  author={Sewell, Peter and Nardelli, Francesco Zappa and Owens, Scott and Peskine, Gilles and Ridge, Thomas and Sarkar, Susmit and others},
  journal={Journal of functional programming},
  volume={20},
  number={1},
  pages={71--122},
  year={2010},
  publisher={Cambridge University Press}
}

@inproceedings{full,
  author= {Yang, Yanpeng and Oliveira, Bruno C. d. S.},
  title = {Unifying Typing and Subtyping},
  booktitleFULL = {Proceedings of the 32th ACM SIGPLAN Object-Oriented Programming, Systems, Languages \& Applications},
  booktitle = {OOPSLA '17}, 
  year = {2017}
}



@inproceedings{LaLonde86exemplar,
 author = {LaLonde, Wilf R. and Thomas, Dave A. and Pugh, John R.},
 title = {An Exemplar Based Smalltalk},
 booktitle = {Conference Proceedings on Object-oriented Programming Systems, Languages and Applications},
 series = {OOPSLA '86},
 year = {1986}
} 

@inproceedings{Chambers1992cecil,
 author = {Chambers, Craig},
 title = {Object-Oriented Multi-Methods in Cecil},
 booktitle = {Proceedings of the European Conference on Object-Oriented Programming},
 series = {ECOOP '92},
 year = {1992}
}

@inproceedings(
FisherMFCT,author="K. Fisher and J. Mitchell",
        title="A Delegation-based Object Calculus with Subtyping",
        booktitle="Fundamentals of Computation Theory (FCT'95)",
        Publisher="Springer LNCS", year=1995, note="To appear.") 

@inproceedings{Ungar87self,
 author = {Ungar, David and Smith, Randall B.},
 title = {Self: The Power of Simplicity},
 booktitle = {Conference Proceedings on Object-oriented Programming Systems, Languages and Applications},
 series = {OOPSLA '87},
 year = {1987}
} 

@INPROCEEDINGS{scharli03traits,
AUTHOR = "Nathanael Scharli and Stéphane Ducasse and Oscar Nierstrasz and Andrew P. Black",
TITLE = "Traits: Composable Units of Behaviour.",
booktitle = "ECOOP'03",
YEAR = {2003}
}

%fork-join problem
@inproceedings{Sak89dis,
  author    = {Markku Sakkinen},
  title     = {Disciplined Inheritance},
  booktitle = {ECOOP'89},
  year      = {1989}
}

@inproceedings{malayeri2009cz,
 author = {Malayeri, Donna and Aldrich, Jonathan},
 title = {CZ: Multiple Inheritance Without Diamonds},
 booktitle = {OOPSLA '09},
 year = {2009}
}

%diamond problem
@inproceedings{bracha90mixin,
 author = {Bracha, Gilad and Cook, William},
 title = {Mixin-based inheritance},
 booktitle =  {OOPSLA/ECOOP '90},
 year = {1990}
}

@Misc{graal,
  author={OpenJDK},
  title={Graal project},
  year={2013},
  note = "\url{http://openjdk.java.net/projects/graal}"
}

@inproceedings{stadler2012compilation,
  title={Compilation queuing and graph caching for dynamic compilers},
  author={Stadler, Lukas and Duboscq, Gilles and M{\"o}ssenb{\"o}ck, Hanspeter and W{\"u}rthinger, Thomas},
  booktitle={Proceedings of the sixth ACM workshop on Virtual machines and intermediate languages},
  year={2012}
}

@inproceedings{oliveira12extensibility, 
 author = {Oliveira, Bruno C. d. S. and Cook, William R.},
 title = {Extensibility for the Masses: Practical Extensibility with Object Algebras},
 booktitle = {ECOOP'12},
 year = {2012}
} 

@inproceedings{humer2014domain,
  title={A domain-specific language for building self-optimizing AST interpreters},
  author={Humer, Christian and Wimmer, Christian and Wirth, Christian and W{\"o}{\ss}, Andreas and W{\"u}rthinger, Thomas},
  booktitle={Proceedings of the 2014 International Conference on Generative Programming: Concepts and Experiences},
  year={2014}
}

@inproceedings{wurthinger2012self,
 author = {W\"{u}rthinger, Thomas and W\"{o}\ss, Andreas and Stadler, Lukas and Duboscq, Gilles and Simon, Doug and Wimmer, Christian},
 title = {Self-optimizing AST Interpreters},
 booktitle = {Proceedings of the 8th Symposium on Dynamic Languages},
 year = {2012}
}

@inproceedings{Zhang15syb,
 author = {Zhang, Haoyuan and Chu, Zewei and Oliveira, Bruno C. d. S. and Storm, Tijs van der},
 title = {Scrap Your Boilerplate with Object Algebras},
 booktitle = {Proceedings of the 2015 ACM SIGPLAN International Conference on Object-Oriented Programming, Systems, Languages, and Applications},
 series = {OOPSLA 2015}
}


@inproceedings{Swamy11SDP,
 author = {Swamy, Nikhil and Chen, Juan and Fournet, C{\'e}dric and Strub, Pierre-Yves and Bhargavan, Karthikeyan and Yang, Jean},
 title = {Secure Distributed Programming with Value-dependent Types},
 booktitle = {Proceedings of the 16th ACM SIGPLAN International Conference on Functional Programming},
 series = {ICFP '11},
 year = {2011}
}

@InProceedings{vytiniotis07a,
  author = 		  {Dimitrios Vytiniotis and Stephanie Weirich},
  title = 		  {Dependent types: Easy as {PIE}},
  booktitle = 	  {Draft Proceedings of the 8th Symposium on Trends in Functional Programming},
  year =			  2007
}


@inproceedings{Jia08aura,
 author = {Jia, Limin and Vaughan, Jeffrey A. and Mazurak, Karl and Zhao, Jianzhou and Zarko, Luke and Schorr, Joseph and Zdancewic, Steve},
 title = {AURA: A Programming Language for Authorization and Audit},
 booktitle = {Proceedings of the 13th ACM SIGPLAN International Conference on Functional Programming},
 series = {ICFP '08},
 year = {2008}
} 

@inproceedings{reynolds1991coherence,
 author = {Reynolds, John C.},
 title = {The Coherence of Languages with Intersection Types},
 //booktitle = {Proceedings of the International Conference on Theoretical Aspects of Computer Software},
 booktitle = {TACS'91},
 year = {1991}
}

@inproceedings{eptrivially,
 author = {Wang, Yanlin and Oliveira, Bruno C. d. S.},
 title = {The Expression Problem, Trivially!},
 booktitle = {Proceedings of the 15th International Conference on Modularity},
 //booktitle = {Modularity '16},
 year = {2016}
}

@inproceedings{tomas,
 author = {Tauber, Tomas and Oliveira, Bruno C. d. S.},
 title = {Modular Architecture for Code and Metadata Sharing},
 booktitle = {Proceedings of the 15th International Conference on Modularity},
 //booktitle = {Modularity '16},
 year = {2016}
}

@article{Oliveira12mri,
 author = {Oliveira, Bruno c. d. s. and Schrijvers, Tom and Cook, William r.},
 title = {Mri: Modular Reasoning About Interference in Incremental Programming},
 journal = {J. Funct. Program.},
 issue_date = {November 2012},
 volume = {22},
 number = {6},
 month = nov,
 year = {2012}
} 

@techreport{pierce1991programming,
    author = {Pierce, Benjamin C.},
    title = {Programming with intersection types, union types, and polymorphism},
    institution = {Carnegie Mellon University},
    type = {Technical Report},
    number = {CMU-CS-91-106},
    year = {1991},
}

@article{ducasse2006traits,
   author = {Ducasse, St{\'e}phane and Nierstrasz, Oscar and Sch\"{a}rli, Nathanael and Wuyts, Roel and Black, Andrew P.},
   title = {Traits: A Mechanism for Fine-grained Reuse},
   journal = {ACM Trans. Program. Lang. Syst.},
   issue_date = {March 2006},
   volume = {28},
   number = {2},
   //month = mar,
   year = {2006},
   issn = {0164-0925},
   pages = {331--388},
   //url = {http://doi.acm.org/10.1145/1119479.1119483},
   publisher = {ACM},
   address = {New York, NY, USA},
   keywords = {Languages, Smalltalk, inheritance, mixins, multiple inheritance, reuse, traits},
} 

@inproceedings{flatt1998classes,
   author = {Flatt, Matthew and Krishnamurthi, Shriram and Felleisen, Matthias},
   title = {Classes and Mixins},
   //booktitle = {Proceedings of the 25th ACM SIGPLAN-SIGACT Symposium on Principles of Programming Languages},
   booktitle = {POPL'98},
   year = {1998},
   isbn = {0-89791-979-3},
   //pages = {171--183},
   //publisher = {ACM},
   //address = {New York, NY, USA},
} 

@inproceedings{leijen2005extensible,
  title={Extensible records with scoped labels.},
  author={Leijen, Daan},
  booktitle={Trends in Functional Programming},
  year={2005}
}

@inproceedings{oliveira2006extensible,
  title={Extensible and Modular Generics for the Masses},
  author={Oliveira, Bruno C. d. S. and L\"oh, Andreas and Hinze, Ralf},
  booktitle={Trends in Functional Programming},
  year={2006}
}

@inproceedings{Pottinger80type,
	Author = {G. Pottinger},
	Booktitle = {To H. B. Curry: essays on combinatory logic, lambda calculus and formalism},
	Pages = {561--577. Academic Press, London},
	Title = {A type assignment for the strongly normalizable $\lambda$-terms},
	Year = {1980}}

@inproceedings{pottier2003constraint,
    author =   {François Pottier},
    title =    {A Constraint-Based Presentation and Generalization of Rows},
    //booktitle =  {Proceedings of the Eighteenth Annual IEEE Symposium on Logic in Computer Science (LICS 2003)},
    booktitle = {LICS'03},
    year =   {2003},
    //month =  {June}, 
    //pages =      {331--340},
    //publisher =  {IEEE Computer Society Press}
}

@inproceedings{harper1991record,
  title={A record calculus based on symmetric concatenation},
  author={Harper, Robert and Pierce, Benjamin},
  //booktitle={Proceedings of the 18th ACM SIGPLAN-SIGACT symposium on Principles of programming languages},
  booktitle={POPL'91},
  year={1991},
  //organization={ACM}
}

@inproceedings{cardelli1990operations,
  title={Operations on records},
  author={Cardelli, Luca and Mitchell, John C},
  booktitle={Mathematical Foundations of Programming Semantics},
  year={1990},
}

@techreport{harper1990extensible,
  title={Extensible records without subsumption},
  author={Harper, Robert William and Pierce, Benjamin C},
  number={CMU-C5-90-102},
  year={1990}
}

@inproceedings{remy1989type,
  title={Type checking records and variants in a natural extension of ML},
  author={R{\'e}my, Didier},
  booktitle={Proceedings of the 16th ACM SIGPLAN-SIGACT symposium on Principles of programming languages},
  year={1989},
  organization={ACM}
}

@inproceedings{wand1989type,
  title={Type inference for record concatenation and multiple inheritance},
  author={Wand, Mitchell},
  //booktitle={Logic in Computer Science, 1989. LICS'89, Proceedings., Fourth Annual Symposium on},
  booktitle={LICS'89},
  year={1989},
  //organization={IEEE}
}


@article{local,
 author = {Pierce, Benjamin C. and Turner, David N.},
 title = {Local Type Inference},
 journal = {ACM Trans. Program. Lang. Syst.},
 issue_date = {Jan. 2000},
 volume = {22},
 number = {1},
 month = jan,
 year = {2000}
} 


@inproceedings{findler1998modular,
   author = {Findler, Robert Bruce and Flatt, Matthew},
   title = {Modular Object-oriented Programming with Units and Mixins},
   //booktitle = {Proceedings of the Third ACM SIGPLAN International Conference on Functional Programming},
   booktitle = {ICFP '98},
   year = {1998},
   isbn = {1-58113-024-4},
   //pages = {94--104},
   //publisher = {ACM},
   //address = {New York, NY, USA},
} 

@inproceedings{bettini2004corecalculus,
   author = {Bettini, Lorenzo and Bono, Viviana and Likavec, Silvia},
   title = {A core calculus of higher-order mixins and classes},
   //booktitle = {Proceedings of the 2004 ACM Symposium on Applied Computing},
   booktitle = {SAC'04},
   year = {2004},
   //pages = {1508--1509},
   //publisher = {ACM},
   //address = {New York, NY, USA},
} 

@article{ancona2003jam,
   author = {Ancona, Davide and Lagorio, Giovanni and Zucca, Elena},
   title = {Jam---designing a {J}ava Extension with Mixins},
   journal = {ACM Trans. Program. Lang. Syst.},
   //issue_date = {September 2003},
   volume = {25},
   number = {5},
   //month = sep,
   year = {2003},
   //issn = {0164-0925},
   pages = {641--712},
   //publisher = {ACM},
   //address = {New York, NY, USA},
   //keywords = {Java, language design},
}

@INPROCEEDINGS{ancona96algebraic,
   author = {Davide Ancona and Elena Zucca},
   title = {An Algebraic Approach to Mixins and Modularity},
   //booktitle = {ALP '96 - 5th Intl. Conf. on Algebraic and Logic Programming, number 1139 in Lecture Notes in Computer Science},
   year = {1996},
   booktitle = {ALP'96},
   //pages = {179--193},
   //publisher = {Springer Verlag}
}

@inproceedings{bracha1990mixin,
   author = {Bracha, Gilad and Cook, William},
   title = {Mixin-based Inheritance},
   //booktitle = {Proceedings of the European Conference on Object-oriented Programming on Object-oriented Programming Systems, Languages, and Applications},
   booktitle = {OOPSLA/ECOOP '90},
   year = {1990},
   //isbn = {0-89791-411-2},
   //pages = {303--311},
   //publisher = {ACM},
   //address = {New York, NY, USA},
} 

@inproceedings{odersky2005scalable,
   author = {Odersky, Martin and Zenger, Matthias},
   title = {Scalable Component Abstractions},
   //booktitle = {Proceedings of the 20th Annual ACM SIGPLAN Conference on Object-oriented Programming, Systems, Languages, and Applications},
   booktitle = {OOPSLA '05},
   year = {2005},
   //isbn = {1-59593-031-0},
   //pages = {41--57},
   //publisher = {ACM},
   //address = {New York, NY, USA},
   keywords = {Scala, abstract types, classes, components, mixins},
}

@INPROCEEDINGS{fisher04atyped,
   author = {Kathleen Fisher},
   title = {A typed calculus of traits},
   booktitle = {FOOL11},
   year = {2004}
}

@book{cook1989denotational,
  title={A denotational semantics of inheritance and its correctness},
  author={Cook, William and Palsberg, Jens},
  volume={24},
  number={10},
  year={1989},
  publisher={ACM}
}

@inproceedings{rompf2016soundness,
   author = {Rompf, Tiark and Amin, Nada},
   title = {Type Soundness for Dependent Object Types},
   booktitle = {OOPSLA'16},
   year = {2016}
}

@inproceedings{scharli2003traits,
  title={Traits: Composable units of behaviour},
  author={Sch{\"a}rli, Nathanael and Ducasse, St{\'e}phane and Nierstrasz, Oscar and Black, Andrew P},
  //booktitle={ECOOP 2003--Object-Oriented Programming},
  booktitle={ECOOP'03},
  //pages={248--274},
  year={2003},
}

@inproceedings{black2012grace,
   author = {Black, Andrew P. and Bruce, Kim B. and Homer, Michael and Noble, James},
   title = {Grace: The Absence of (Inessential) Difficulty},
   //booktitle = {Proceedings of the ACM International Symposium on New Ideas, New Paradigms, and Reflections on Programming and Software},
   booktitle = {Onward! 2012},
   year = {2012},
   //isbn = {978-1-4503-1562-3},
   //pages = {85--98},
   //publisher = {ACM},
   //address = {New York, NY, USA},
   keywords = {grace},
} 

@misc{coq,
  title = {The {C}oq {P}roof {A}ssistant},
  //author = {The {C}oq {P}roof {A}ssistant},
  note  = {\url{https://coq.inria.fr/}}
}

@misc{typescript,
  //title = {Type{S}cript},
  author = {Type{S}cript},
  note  = {\url{https://www.typescriptlang.org/}}
}

@misc{ceylon,
  //title = {Ceylon},
  author = {Ceylon},
  note  = {\url{https://ceylon-lang.org/}}
}

@misc{flow,
  //title = {Flow},
  author = {Flow},
  note  = {\url{https://flowtype.org/}}
}

@inproceedings{davies2000intersection,
  title={Intersection Types and Computational Effects},
  author={Davies, Rowan and Pfenning, Frank},
  //booktitle={Proceedings of the Fifth ACM SIGPLAN International Conference on Functional Programming (ICFP'00)},
  booktitle = {ICFP'00},
  year={2000},
}

@inproceedings{Rendel14OA,
 author = {Rendel, Tillmann and Brachth\"{a}user, Jonathan Immanuel and Ostermann, Klaus},
 title = {From Object Algebras to Attribute Grammars},
 //booktitle = {Proceedings of the 2014 ACM International Conference on Object Oriented Programming Systems Languages \& Applications},
 booktitle = {OOPSLA'14},
 year = {2014},
 //pages = {377--395},
} 

@article {comppier96,
   AUTHOR = {Compagnoni, Adriana B. and Pierce, Benjamin C.},
    TITLE = {Higher-order intersection types and multiple inheritance},
  JOURNAL = {Math. Structures Comput. Sci.},
 FJOURNAL = {Mathematical Structures in Computer Science. A Journal in the
             Applications of Categorical, Algebraic and Geometric Methods in
             Computer Science},
   VOLUME = {6},
     YEAR = {1996},
   NUMBER = {5},
    PAGES = {469--501}
}

@inproceedings{Castagna:2014,
 author = {Castagna, Giuseppe and Nguyen, Kim and Xu, Zhiwu and Im, Hyeonseung and Lenglet, Sergue\"{\i} and Padovani, Luca},
 title = {Polymorphic Functions with Set-theoretic Types: Part 1: Syntax, Semantics, and Evaluation},
 //booktitle = {Proceedings of the 41st ACM SIGPLAN-SIGACT Symposium on Principles of Programming Languages},
 booktitle = {POPL '14},
 year = {2014}
}

@Book{Schmidt1994,
  author = 	 {David A. Schmidt},
  title = 	 "The Structure of Typed Programming Languages",
  publisher = 	 MIT,
  year = 	 1994,
  series =	 "Foundations of Computing",
  address =	 "Cambridge, MA"
}

@incollection{Martin-Lof-1972,
	Author = {Martin-L{\"o}f, Per},
	Booktitle = {Twenty-five years of constructive type theory ({V}enice, 1995)},
	Mrclass = {03B15 (03F55)},
	Mrnumber = 1686864,
	Pages = {127--172},
	Publisher = {Oxford University Press},
        Editor = {Giovanni Sambin and Jan M. Smith},
	Series = {Oxford Logic Guides},
	Title = {An intuitionistic theory of types},
	Volume = 36,
	Year = 1998}

@InProceedings{amin-essence-16,
  author       = "Nada Amin and Samuel Gr{\"{u}}tter and Martin Odersky
                 and Tiark Rompf and Sandro Stucki",
  title        = "The Essence of Dependent Object Types",
  booktitle    = "A List of Successes That Can Change the World --
                 Essays Dedicated to {Philip Wadler} on the Occasion of
                 His 60th Birthday",
  series       = lncs
}


@inproceedings{Coquand86,
  author    = {Thierry Coquand},
  title     = {{An Analysis of Girard's Paradox}},
  booktitle = {Symposium on Logic in Computer Science (LICS)},
  year      = {1986}
}




@techreport{pierce1991programming1,
    author = {Pierce, Benjamin C.},
    title = {Programming with intersection types, union types, and polymorphism},
    institution = {Carnegie Mellon University},
    type = {Technical Report},
    number = {CMU-CS-91-106},
    year = {1991},
}


@inproceedings{dunfield2014elaborating,
   author = {Dunfield, Joshua},
   title = {Elaborating Intersection and Union Types},
   //booktitle = {Proceedings of the 17th ACM SIGPLAN International Conference on Functional Programming},
   booktitle = {ICFP'12},
   year = {2012},
   //pages = {17--28},
   //publisher = {ACM},
   //address = {New York, NY, USA},
   keywords = {intersection types},
} 


@incollection{oliveira2013feature,
  title={Feature-Oriented programming with object algebras},
  author={Oliveira, Bruno C. d. S. and Van Der Storm, Tijs and Loh, Alex and Cook, William R},
  booktitle={ECOOP'13},
  year={2013},
}

@inproceedings{alpuim17disjoint,
  author    = {Jo{\~{a}}o Alpuim and
               Bruno C. d. S. Oliveira and
               Zhiyuan Shi},
  title     = {Disjoint Polymorphism},
  booktitle = {Programming Languages and Systems - 26th European Symposium on Programming,
               {ESOP} 2017},
  year      = {2017},
}

@inproceedings{oliveira16disjoint,
    author    = {Oliveira, Bruno C. d. S. and
                 Shi, Zhiyuan and
                 Alpuim, Jo{\~{a}}o},
   title     = {Disjoint intersection types},
   //booktitle = {Proceedings of the 21st {ACM} {SIGPLAN} International Conference on
                  Functional Programming, {ICFP} 2016, Nara, Japan, September 18-22,
                  2016},
   booktitle = {ICFP'16},
   //pages     = {364--377},
   year      = {2016},
}


@article{castagna1995calculus,
  title={A calculus for overloaded functions with subtyping},
  author={Castagna, Giuseppe and Ghelli, Giorgio and Longo, Giuseppe},
  journal={Information and Computation},
  year={1995},
  volume={117},
  number={1},
  pages={115-135}
}


@Inbook{reynolds1997design,
  author="Reynolds, John C.",
  editor="O'Hearn, Peter W. and Tennent, Robert D.",
  //title="Design of the programming language {F}orsythe",
  chapter="Design of the programming language {F}orsythe",
  //bookTitle="Algol-like Languages",
  title="Algol-like languages",
  year="1997",
  publisher="Birkh{\"a}user Boston",
  //address="Boston, MA",
  //pages="173--233",
}

@inproceedings{consel1993tutorial,
  title={Tutorial notes on partial evaluation},
  author={Consel, Charles and Danvy, Olivier},
  booktitle={Proceedings of the 20th ACM SIGPLAN-SIGACT symposium on Principles of programming languages},
  year={1993}
}

@inproceedings{zhang2014accelerating,
  title={Accelerating iterators in optimizing AST interpreters},
  author={Zhang, Wei and Larsen, Per and Brunthaler, Stefan and Franz, Michael},
  booktitle={Proceedings of the 2014 ACM International Conference on Object Oriented Programming Systems Languages \& Applications},
  year={2014}
}

@inproceedings{seaton2014debugging,
  title={Debugging at full speed},
  author={Seaton, Chris and Van De Vanter, Michael L and Haupt, Michael},
  booktitle={Proceedings of the Workshop on Dynamic Languages and Applications},
  year=2014
}

@Misc{fastr,
  author={FastR},
  title={FastR. FastR is an implementation of the R language in Java atop Truffle and Graal},
  year={2014},
  note = "\url{https://bitbucket.org/allr/fastr}"
}

@inproceedings{grimmer2014trufflec,
  title={TruffleC: dynamic execution of C on a Java virtual machine},
  author={Grimmer, Matthias and Rigger, Manuel and Schatz, Roland and Stadler, Lukas and M{\"o}ssenb{\"o}ck, Hanspeter},
  booktitle={Proceedings of the 2014 International Conference on Principles and Practices of Programming on the Java platform: Virtual machines, Languages, and Tools},
  year={2014}
}

@Misc{trufflemumbler,
  author={Cristian Esquivias},
  title={TruffleMumbler},
  year={2014},
  note = "\url{https://github.com/cesquivias/mumbler}"
}

@INPROCEEDINGS{lopez2005evaluating,
  title={Evaluating support for features in advanced modularization technologies},
  author={Lopez-Herrejon, Roberto E and Batory, Don and Cook, William},
  booktitle = {ECOOP'05},
  year = {2005}
}

@article{clements2002software,
  title={Software product lines: practices and patterns},
  author={Clements, Paul and Northrop, Linda},
  year={2002},
  publisher={Addison-Wesley}
}

@MISC{Apel09anoverview,
    author = {Sven Apel and Christian Kästner},
    title = {An Overview of Feature-Oriented Software Development},
    year = {2009}
}

@inproceedings{gouseti2014extensible,
  title={Extensible language implementation with object algebras (short paper)},
  author={Gouseti, Maria and Peters, Chiel and Storm, Tijs van der},
  booktitle={Proceedings of the 2014 International Conference on Generative Programming: Concepts and Experiences},
  year={2014}
}


@inproceedings{Rendel:2014:OAA:2660193.2660237,
 author = {Rendel, Tillmann and Brachth\"{a}user, Jonathan Immanuel and Ostermann, Klaus},
 title = {From Object Algebras to Attribute Grammars},
 booktitle = {OOPSLA '14},
 year = {2014}
} 

@ARTICLE{unions1986,
	AUTHOR = {David MacQueen and Gordon Plotkin and Ravi Sethi},
	TITLE = {An Ideal Model for Recursive Polymorphic Types},
	JOURNAL = {Information and Control},
	YEAR = 1986,
	VOLUME = {71},
	PAGES = {92-130}
}

@article         {BarbaneraDL95,
title        =   {Intersection and Union Types: Syntax and Semantics},
author       =   {Franco Barbanera and Mariangiola Dezani-Ciancaglini and Ugo
                  de'Liguoro},
pages        =   {202--230},
journal      =   "Information and Computation",
month        =   jun,
year         =   1995,
volume       =   119,
number       =   2,
source       =   {ftp://theory.lcs.mit.edu/pub/iandc/iandc.bib}
}


----
URLs
----

@misc{coq-url,
  title = {The {C}oq {P}roof {A}ssistant},
  url  = {https://coq.inria.fr/},
}